@book{garcia2002elementos,
  title={Elementos de {\'a}lgebra},
  author={Garcia, A. and Lequain, Y.},
  series={Projeto Euclides},
  year={2002},
  publisher={Instituto de Matem{\'a}tica Pura e Aplicada}
}
@book{nt,
  title={Notas de Curso Teoria dos Grupos},
  author={Nivaldo Medeiros and Thiago Fassarella},
  publisher={https://www.professores.uff.br/thiagofassarella/wp-content/uploads/sites/150/2021/03/Notas-Grupos-Completo.pdf}
}
@book{ht,
  title={√Ålgebra Comutativa em Quatro Movimentos},
  author={Herivelto Borges and Eduardo Tengan},
  year={2020},
  publisher={Instituto de Matem{\'a}tica Pura e Aplicada}
}