@book{docarmo,
  title={Geometria Riemanniana},
  author={do Carmo, M.P.},
  series={Escola de geometria diferencial},
  url={https://books.google.com.br/books?id=cZqXNQAACAAJ},
  year={1979},
  publisher={Instituto de Matem{\'a}tica Pura e Aplicada}
}

@book{besse2007einstein,
  title={Einstein Manifolds},
  author={Besse, A.L.},
  isbn={9783540741206},
  lccn={2007938035},
  series={Classics in Mathematics},
  url={https://books.google.com.br/books?id=aVUjiBNCyogC},
  year={2007},
  publisher={Springer Berlin Heidelberg}
}

@book{jost2008riemannian,
  title={Riemannian Geometry and Geometric Analysis},
  author={Jost, J.},
  isbn={9783540773412},
  lccn={2008921366},
  series={Universitext},
  url={https://books.google.com.br/books?id=Z02dYgJAljsC},
  year={2008},
  publisher={Springer Berlin Heidelberg}
}

@book{Arnold,
  title={Mathematical Methods of Classical Mechanics},
  author={Vogtmann, K. and Weinstein, A. and Arnol'd, V.I.},
  isbn={9781475720631},
  series={Graduate Texts in Mathematics},
  url={https://books.google.com.br/books?id=5OQlBQAAQBAJ},
  year={2013},
  publisher={Springer New York}
}

@book{guillemin1990symplectic,
  title={Symplectic Techniques in Physics},
  author={Guillemin, V. and Sternberg, S.},
  isbn={9780521389907},
  lccn={83007762},
  url={https://books.google.com.br/books?id=O7Rbx4ptxqsC},
  year={1990},
  publisher={Cambridge University Press}
}

@book{da2001lectures,
  title={Lectures on symplectic geometry},
  author={Da Silva, Ana Cannas and Da Salva, A Cannas},
  volume={3575},
  year={2001},
  publisher={Springer}
}

@book{huybrechts2005complex,
  title={Complex geometry: an introduction},
  author={Huybrechts, Daniel},
  volume={78},
  year={2005},
  publisher={Springer}
}

@book{griffiths2014principles,
  title={Principles of algebraic geometry},
  author={Griffiths, Phillip and Harris, Joseph},
  year={2014},
  publisher={John Wiley \& Sons}
}

@book{Voisin_2002, place={Cambridge}, series={Cambridge Studies in Advanced Mathematics}, title={Hodge Theory and Complex Algebraic Geometry I}, publisher={Cambridge University Press}, author={Voisin, Claire}, editor={Schneps, LeilaTranslator}, year={2002}, collection={Cambridge Studies in Advanced Mathematics}}

@article{BCW,
author = {Hyman Bass and Edwin H. Connell and David Wright},
title = {{The Jacobian conjecture: Reduction of degree and formal expansion of the inverse}},
volume = {7},
journal = {Bulletin (New Series) of the American Mathematical Society},
number = {2},
publisher = {American Mathematical Society},
pages = {287 -- 330},
year = {1982},
}

@article{Abdesselam,
    author = "Abdesselam, Abdelmalek",
    title = "{The Jacobian conjecture as a problem of perturbative quantum field theory}",
    eprint = "math/0208173",
    archivePrefix = "arXiv",
    doi = "10.1007/s00023-003-0127-7",
    journal = "Annales Henri Poincare",
    volume = "4",
    pages = "199--215",
    year = "2003"
}

@misc{sawon2004rozanskywitteninvariantshyperkahlermanifolds,
      title={Rozansky-Witten invariants of hyperk\"ahler manifolds}, 
      author={Justin Sawon},
      year={2004},
      eprint={math/0404360},
      archivePrefix={arXiv},
      primaryClass={math.DG},
      url={https://arxiv.org/abs/math/0404360}, 
}

@misc{hitchin1999curvaturecharacteristicnumbershyperkahler,
      title={Curvature and characteristic numbers of hyperk\"ahler manifolds}, 
      author={Nigel Hitchin and Justin Sawon},
      year={1999},
      eprint={math/9908114},
      archivePrefix={arXiv},
      primaryClass={math.DG},
      url={https://arxiv.org/abs/math/9908114}, 
}

@misc{rozansky1997hyperkahlergeometryinvariantsthreemanifolds,
      title={Hyper-Kahler Geometry and Invariants of Three-Manifolds}, 
      author={L. Rozansky and E. Witten},
      year={1997},
      eprint={hep-th/9612216},
      archivePrefix={arXiv},
      primaryClass={hep-th},
      url={https://arxiv.org/abs/hep-th/9612216}, 
}

@article{qftjones,
author = {Edward Witten},
title = {{Quantum field theory and the Jones polynomial}},
volume = {121},
journal = {Communications in Mathematical Physics},
number = {3},
publisher = {Springer},
pages = {351 -- 399},
year = {1989},
}

@article{Axelrod:1989xt,
    author = "Axelrod, Scott and Della Pietra, Steve and Witten, Edward",
    title = "{Geometric quantization of Chern-Simons gauge theory}",
    reportNumber = "IASSNS-HEP-89/57",
    journal = "J. Diff. Geom.",
    volume = "33",
    number = "3",
    pages = "787--902",
    year = "1991"
}

@article{Bordemann_1994,
   title={Toeplitz quantization of Kähler manifolds anggl(N), N→∞ limits},
   volume={165},
   ISSN={1432-0916},
   url={http://dx.doi.org/10.1007/BF02099772},
   DOI={10.1007/bf02099772},
   number={2},
   journal={Communications in Mathematical Physics},
   publisher={Springer Science and Business Media LLC},
   author={Bordemann, Martin and Meinrenken, Eckhard and Schlichenmaier, Martin},
   year={1994},
   month=oct, pages={281–296} }

@article{Schlichenmaier_2010,
   title={Berezin‐Toeplitz Quantization for Compact Kähler Manifolds. A Review of Results},
   volume={2010},
   ISSN={1687-9139},
   url={http://dx.doi.org/10.1155/2010/927280},
   DOI={10.1155/2010/927280},
   number={1},
   journal={Advances in Mathematical Physics},
   publisher={Wiley},
   author={Schlichenmaier, Martin},
   editor={Ali, S. T.},
   year={2010},
   month=jan }

@article{Ma_2008,
   title={Toeplitz Operators on Symplectic Manifolds},
   volume={18},
   ISSN={1559-002X},
   url={http://dx.doi.org/10.1007/s12220-008-9022-2},
   DOI={10.1007/s12220-008-9022-2},
   number={2},
   journal={Journal of Geometric Analysis},
   publisher={Springer Science and Business Media LLC},
   author={Ma, Xiaonan and Marinescu, George},
   year={2008},
   month=mar, pages={565–611} }

@misc{schlichenmaier1999deformationquantizationcompactkaehler,
      title={Deformation quantization of compact Kaehler manifolds by Berezin-Toeplitz quantization}, 
      author={Martin Schlichenmaier},
      year={1999},
      eprint={math/9910137},
      archivePrefix={arXiv},
      primaryClass={math.QA},
      url={https://arxiv.org/abs/math/9910137}, 
}

@article{Kontsevich_2003,
   title={Deformation Quantization of Poisson Manifolds},
   volume={66},
   ISSN={0377-9017},
   url={http://dx.doi.org/10.1023/B:MATH.0000027508.00421.bf},
   DOI={10.1023/b:math.0000027508.00421.bf},
   number={3},
   journal={Letters in Mathematical Physics},
   publisher={Springer Science and Business Media LLC},
   author={Kontsevich, Maxim},
   year={2003},
   month=dec, pages={157–216} }

@book{Mirror,
title = "Mirror Symmetry",
abstract = "This thorough and detailed exposition is the result of an intensive month-long course sponsored by the Clay Mathematics Institute. It develops mirror symmetry from both mathematical and physical perspectives. The material will be particularly useful for those wishing to advance their understanding by exploring mirror symmetry at the interface of mathematics and physics.This one-of-a-kind volume offers the first comprehensive exposition on this increasingly active area of study. It is carefully written by leading experts who explain the main concepts without assuming too much prerequisite knowledge. The book is an excellent resource for graduate students and research mathematicians interested in mathematical and theoretical physics.",
author = "Kentaro Hori and Sheldon Katz and Albrecht Klemm and Rahul Pandharipande and Richard Thomas and Cumrun Vafa and Ravi Vakil and Eric Zaslow",
note = "With a preface by Vafa",
year = "2003",
language = "English (US)",
isbn = "978-0-8218-2955-4",
series = "Clay Mathematics Monographs",
publisher = "American Mathematical Society",
address = "United States",
}

@book{QFT-Strings,
     title = {Quantum Fields and Strings: A Course for Mathematicians.
              {V}ol. 1, 2},
    editor = {Deligne, Pierre and Etingof, Pavel and Freed, Daniel S. and
              Kazhdan, David and Morgan, John W. and Morrison, David R.},
      note = {Material from the Special Year on Quantum Field Theory held at
              the Institute for Advanced Study, Princeton, NJ, 1996–1997},
 publisher = {American Mathematical Society},
   address = {Providence, RI},
      year = {1999},
     pages = {Vol. 1: xxii+723 pp.; Vol. 2: pp. i–xxiv and 727–1501},
      isbn = {0-8218-1198-3},
   mrclass = {81-06 (81T30 81Txx)},
  mrnumber = {MR1701618 (2000e:81010)},
     zblno = {0984.00503}}

@article{Chan_2021,
   title={Quantization of Kähler manifolds},
   volume={163},
   ISSN={0393-0440},
   url={http://dx.doi.org/10.1016/j.geomphys.2021.104143},
   DOI={10.1016/j.geomphys.2021.104143},
   journal={Journal of Geometry and Physics},
   publisher={Elsevier BV},
   author={Chan, Kwokwai and Leung, Naichung Conan and Li, Qin},
   year={2021},
   month=may, pages={104143} }

@article{Ma_2008,
   title={Toeplitz Operators on Symplectic Manifolds},
   volume={18},
   ISSN={1559-002X},
   url={http://dx.doi.org/10.1007/s12220-008-9022-2},
   DOI={10.1007/s12220-008-9022-2},
   number={2},
   journal={Journal of Geometric Analysis},
   publisher={Springer Science and Business Media LLC},
   author={Ma, Xiaonan and Marinescu, George},
   year={2008},
   month=mar, pages={565–611} }
